<record><leader>00000cas a2200000 a 4500</leader><controlfield tag="001">43955424</controlfield><controlfield tag="008">000501u19uuuuuupauwr ne      0    0lit c</controlfield><datafield ind1=" " ind2=" " tag="010"><subfield code="a">sn 00063132 </subfield></datafield><datafield ind1=" " ind2=" " tag="040"><subfield code="a">NYS</subfield><subfield code="b">eng</subfield><subfield code="c">NYS</subfield><subfield code="d">OCLCQ</subfield><subfield code="d">OCLCF</subfield><subfield code="d">OCLCO</subfield></datafield><datafield ind1="1" ind2=" " tag="029"><subfield code="a">AU@</subfield><subfield code="b">000021486374</subfield></datafield><datafield ind1=" " ind2=" " tag="042"><subfield code="a">pcc</subfield></datafield><datafield ind1=" " ind2=" " tag="043"><subfield code="a">n-us-pa</subfield></datafield><datafield ind1="0" ind2="0" tag="245"><subfield code="a">Darbininku viltis.</subfield></datafield><datafield ind1=" " ind2=" " tag="260"><subfield code="a">Shenandoah, Pa. :</subfield><subfield code="b">Vincent J. Szliakys</subfield></datafield><datafield ind1=" " ind2=" " tag="300"><subfield code="a">v. :</subfield><subfield code="b">ill. ;</subfield><subfield code="c">58 cm.</subfield></datafield><datafield ind1=" " ind2=" " tag="310"><subfield code="a">Weekly</subfield></datafield><datafield ind1=" " ind2=" " tag="546"><subfield code="a">In Lithuanian.</subfield></datafield><datafield ind1=" " ind2=" " tag="588"><subfield code="a">Description based on: M. 3, no. 30 (July 29, 1905).</subfield></datafield><datafield ind1=" " ind2="0" tag="650"><subfield code="a">Lithuanians</subfield><subfield code="z">Pennsylvania</subfield><subfield code="v">Newspapers.</subfield></datafield><datafield ind1=" " ind2="0" tag="650"><subfield code="a">Lithuanian Americans</subfield><subfield code="z">Pennsylvania</subfield><subfield code="v">Newspapers.</subfield></datafield><datafield ind1=" " ind2="0" tag="651"><subfield code="a">Shenandoah (Pa.)</subfield><subfield code="v">Newspapers.</subfield></datafield><datafield ind1=" " ind2="0" tag="651"><subfield code="a">Schuylkill County (Pa.)</subfield><subfield code="v">Newspapers.</subfield></datafield><datafield ind1=" " ind2="7" tag="655"><subfield code="a">Newspapers.</subfield><subfield code="2">fast</subfield><subfield code="0">(OCoLC)fst01423814</subfield></datafield><datafield ind1=" " ind2="7" tag="650"><subfield code="a">Lithuanian Americans.</subfield><subfield code="2">fast</subfield><subfield code="0">(OCoLC)fst01000343</subfield></datafield><datafield ind1=" " ind2="7" tag="650"><subfield code="a">Lithuanians.</subfield><subfield code="2">fast</subfield><subfield code="0">(OCoLC)fst01000435</subfield></datafield><datafield ind1=" " ind2="7" tag="651"><subfield code="a">Pennsylvania.</subfield><subfield code="2">fast</subfield><subfield code="0">(OCoLC)fst01204598</subfield></datafield><datafield ind1=" " ind2="7" tag="651"><subfield code="a">Pennsylvania</subfield><subfield code="z">Schuylkill County.</subfield><subfield code="2">fast</subfield><subfield code="0">(OCoLC)fst01221546</subfield></datafield><datafield ind1=" " ind2="7" tag="651"><subfield code="a">Pennsylvania</subfield><subfield code="z">Shenandoah.</subfield><subfield code="2">fast</subfield><subfield code="0">(OCoLC)fst01221943</subfield></datafield><datafield ind1=" " ind2=" " tag="752"><subfield code="a">United States</subfield><subfield code="b">Pennsylvania</subfield><subfield code="c">Schuylkill</subfield><subfield code="d">Shenandoah.</subfield></datafield></record>